@inproceedings{ronneberger2015u,
  title        = {U-net: Convolutional networks for biomedical image segmentation},
  author       = {Ronneberger, Olaf and Fischer, Philipp and Brox, Thomas},
  booktitle    = {Medical Image Computing and Computer-Assisted Intervention--MICCAI 2015: 18th International Conference, Munich, Germany, October 5-9, 2015, Proceedings, Part III 18},
  pages        = {234--241},
  year         = {2015},
  organization = {Springer}
}

@article{szegedy2013intriguing,
  title   = {Intriguing properties of neural networks},
  author  = {Szegedy, Christian and Zaremba, Wojciech and Sutskever, Ilya and Bruna, Joan and Erhan, Dumitru and Goodfellow, Ian and Fergus, Rob},
  journal = {arXiv preprint arXiv:1312.6199},
  year    = {2013}
}

@article{goodfellow2014explaining,
  title   = {Explaining and harnessing adversarial examples},
  author  = {Goodfellow, Ian J and Shlens, Jonathon and Szegedy, Christian},
  journal = {arXiv preprint arXiv:1412.6572},
  year    = {2014}
}

@article{madry2017towards,
  title   = {Towards deep learning models resistant to adversarial attacks},
  author  = {Madry, Aleksander and Makelov, Aleksandar and Schmidt, Ludwig and Tsipras, Dimitris and Vladu, Adrian},
  journal = {arXiv preprint arXiv:1706.06083},
  year    = {2017}
}

@inproceedings{rezende2015variational,
  title        = {Variational inference with normalizing flows},
  author       = {Rezende, Danilo and Mohamed, Shakir},
  booktitle    = {International conference on machine learning},
  pages        = {1530--1538},
  year         = {2015},
  organization = {PMLR}
}

@article{dinh2016density,
  title   = {Density estimation using real nvp},
  author  = {Dinh, Laurent and Sohl-Dickstein, Jascha and Bengio, Samy},
  journal = {arXiv preprint arXiv:1605.08803},
  year    = {2016}
}

@inproceedings{jain2016structural,
  title     = {Structural-rnn: Deep learning on spatio-temporal graphs},
  author    = {Jain, Ashesh and Zamir, Amir R and Savarese, Silvio and Saxena, Ashutosh},
  booktitle = {Proceedings of the ieee conference on computer vision and pattern recognition},
  pages     = {5308--5317},
  year      = {2016}
}

@inproceedings{amos2017input,
  title        = {Input convex neural networks},
  author       = {Amos, Brandon and Xu, Lei and Kolter, J Zico},
  booktitle    = {International Conference on Machine Learning},
  pages        = {146--155},
  year         = {2017},
  organization = {PMLR}
}